<?xml version="1.0" encoding="UTF-8"?><collection xmlns="http://www.loc.gov/MARC21/slim"><record><leader>00411nam--2200133-i-4500</leader><controlfield tag="001">000046349</controlfield><controlfield tag="002">20161230</controlfield><controlfield tag="005">20161230201045</controlfield><controlfield tag="008">060222s1000------------r-----000-0-eng-d</controlfield><datafield ind1=" " ind2=" " tag="245"><subfield code="a">Uranium production technology</subfield></datafield><datafield ind1=" " ind2=" " tag="260"><subfield code="a">New York, D.Van Nostrand Co.Inc., 1959, Xii+579p</subfield></datafield><datafield ind1=" " ind2=" " tag="490"><subfield code="a">Publ.Under Contract With The United States Atomic Energy Commission</subfield></datafield><datafield ind1=" " ind2=" " tag="700"><subfield code="a">Harrington,C.D.Andruehle,A.E</subfield></datafield><datafield ind1=" " ind2=" " tag="852"><subfield code="a">16484</subfield></datafield></record></collection>